@article{andronis,
	author = {Andronis, Christos and Sharma, Anuj and Virvilis, Vassilis and Deftereos, Spyros and Persidis, Aris},
	title = {Literature mining, ontologies and information visualization for drug repurposing},
	journal = {Briefings in bioinformatics},
	volume = {12},
	number = {4},
	pages = {357-368},
	ISSN = {1467-5463},
	year = {2011},
	type = {Journal Article}
}

@article{atias,
	author = {Atias, Nir and Sharan, Roded},
	title = {An algorithmic framework for predicting side effects of drugs},
	journal = {Journal of Computational Biology},
	volume = {18},
	number = {3},
	pages = {207-218},
	ISSN = {1066-5277},
	year = {2011},
	type = {Journal Article}
}


@article{begam,
	author = {Begam, B Firdaus and Kumar, J Satheesh},
	title = {A study on cheminformatics and its applications on modern drug discovery},
	journal = {Procedia Engineering},
	volume = {38},
	pages = {1264-1275},
	ISSN = {1877-7058},
	year = {2012},
	type = {Journal Article}
}

@article{boguski,
	author = {Boguski, Mark S and Mandl, Kenneth D and Sukhatme, Vikas P},
	title = {Repurposing with a difference},
	journal = {Science},
	volume = {324},
	number = {5933},
	pages = {1394-1395},
	ISSN = {0036-8075},
	year = {2009},
	type = {Journal Article}
}

@article{brown,
	author = {Brown, Frank K},
	title = {Chemoinformatics: what is it and how does it impact drug discovery},
	journal = {Annual reports in medicinal chemistry},
	volume = {33},
	pages = {375-384},
	ISSN = {0065-7743},
	year = {1998},
	type = {Journal Article}
}

@misc{cbra,
	author = {California Biomedical Research Association},
	title = {New Drug Development Process [Fact Sheet]},
	url = {http://www.ca-biomed.org/pdf/media-kit/fact-sheets/cbradrugdevelop.pdf},
	type = {Web Page}
}

@article{cook,
	author = {Cook, Charles E and Bergman, Mary Todd and Finn, Robert D and Cochrane, Guy and Birney, Ewan and Apweiler, Rolf},
	title = {The European Bioinformatics Institute in 2016: data growth and integration},
	journal = {Nucleic acids research},
	volume = {44},
	number = {D1},
	pages = {D20-D26},
	ISSN = {0305-1048},
	year = {2016},
	type = {Journal Article}
}

@article{dud,
	author = {Dudley, Joel T and Schadt, Eric and Sirota, Marina and Butte, Atul J and Ashley, Euan},
	title = {Drug discovery in a multidimensional world: systems, patterns, and networks},
	journal = {Journal of cardiovascular translational research},
	volume = {3},
	number = {5},
	pages = {438-447},
	ISSN = {1937-5387},
	year = {2010},
	type = {Journal Article}
}

@inproceedings{elshi,
	author = {El-Shishiny, Hisham and Soliman, Taysir H and El-Asmar, Mohamed},
	title = {Mining drug targets based on microarray experiments},
	booktitle = {Computers and Communications, 2008. ISCC 2008. IEEE Symposium on},
	publisher = {IEEE},
	pages = {175-181},
	ISBN = {1424427029},
	type = {Conference Proceedings}
}

@article{gall,
	author = {Gallop, Mark A and Barrett, Ronald W and Dower, William J and Fodor, Stephen PA and Gordon, Eric M},
	title = {Applications of combinatorial technologies to drug discovery. 1. Background and peptide combinatorial libraries},
	journal = {Journal of medicinal chemistry},
	volume = {37},
	number = {9},
	pages = {1233-1251},
	ISSN = {0022-2623},
	year = {1994},
	type = {Journal Article}
}

@article{guru,
	author = {Gurulingappa, Harsha and Toldo, Luca and Rajput, Abdul Mateen and Kors, Jan A and Taweel, Adel and Tayrouz, Yorki},
	title = {Automatic detection of adverse events to predict drug label changes using text and data mining techniques},
	journal = {Pharmacoepidemiology and drug safety},
	volume = {22},
	number = {11},
	pages = {1189-1194},
	ISSN = {1099-1557},
	year = {2013},
	type = {Journal Article}
}

@article{hecht,
	author = {Hecht, Peter},
	title = {High-throughput screening: beating the odds with informatics-driven chemistry},
	journal = {Curr. Drug Discov},
	pages = {21-24},
	year = {2002},
	type = {Journal Article}
}

@article{hughes,
	author = {Hughes, James P and Rees, Stephen and Kalindjian, S Barrett and Philpott, Karen L},
	title = {Principles of early drug discovery},
	journal = {British journal of pharmacology},
	volume = {162},
	number = {6},
	pages = {1239-1249},
	ISSN = {1476-5381},
	year = {2011},
	type = {Journal Article}
}

@article{kaitin,
	author = {Kaitin, Kenneth I},
	title = {Deconstructing the drug development process: the new face of innovation},
	journal = {Clinical pharmacology and therapeutics},
	volume = {87},
	number = {3},
	pages = {356},
	year = {2010},
	type = {Journal Article}
}

@article{keum,
	author = {Keum, Jongsoo and Yoo, Sunyong and Lee, Doheon and Nam, Hojung},
	title = {Prediction of compound-target interactions of natural products using large-scale drug and protein information},
	journal = {BMC bioinformatics},
	volume = {17},
	number = {6},
	pages = {219},
	ISSN = {1471-2105},
	year = {2016},
	type = {Journal Article}
}

@misc{nih,
	author = {National Institutes of Health},
	title = {What is pharmacogenomics?},
	journal = {Genomic Research},
	url = {https://ghr.nlm.nih.gov/primer/genomicresearch/pharmacogenomics},
	year = {2017},
	type = {Electronic Article}
}

@inbook{ng,
	author = {Ng, Rick},
	title = {Appendix 1: History of Drug Discovery and Development},
	publisher = {John Wiley and Sons},
	pages = {391-397},
	year = {2008},
	type = {Book Section}
}

@article{sliwo,
	author = {Sliwoski, Gregory and Kothiwale, Sandeepkumar and Meiler, Jens and Lowe, Edward W},
	title = {Computational methods in drug discovery},
	journal = {Pharmacological reviews},
	volume = {66},
	number = {1},
	pages = {334-395},
	ISSN = {0031-6997},
	year = {2014},
	type = {Journal Article}
}

@misc{stan,
	author = {Stanford School of Medicine},
	title = {Compound Libraries Available for High-Throughput Screening (HTS) in the Stanford HTBC},
	url = {http://htbc.stanford.edu/compounds.html},
	year = {2017},
	type = {Web Page}
}

@article{surend,
	author = {Surendiran, A and Pradhan, SC and Adithan, C},
	title = {Role of pharmacogenomics in drug discovery and development},
	journal = {Indian journal of pharmacology},
	volume = {40},
	number = {4},
	pages = {137},
	ISSN = {0253-7613},
	year = {2008},
	type = {Journal Article}
}

@article{xu,
	author = {Xu, Jun and Hagler, Arnold},
	title = {Chemoinformatics and drug discovery},
	journal = {Molecules},
	volume = {7},
	number = {8},
	pages = {566-600},
	year = {2002},
	type = {Journal Article}
}

@article{zhang15,
	author = {Zhang, Ming and Luo, Heng and Xi, Zhengrui and Rogaeva, Ekaterina},
	title = {Drug repositioning for diabetes based on'omics' data mining},
	journal = {PloS one},
	volume = {10},
	number = {5},
	pages = {e0126082},
	ISSN = {1932-6203},
	year = {2015},
	type = {Journal Article}
}

@article{zhang16,
	author = {Zhang, Ming and Schmitt-Ulms, Gerold and Sato, Christine and Xi, Zhengrui and Zhang, Yalun and Zhou, Ye and St George-Hyslop, Peter and Rogaeva, Ekaterina},
	title = {Drug Repositioning for Alzheimer’s Disease Based on Systematic ‘omics’ Data Mining},
	journal = {PloS one},
	volume = {11},
	number = {12},
	pages = {e0168812},
	ISSN = {1932-6203},
	year = {2016},
	type = {Journal Article}
}

@online{youtube,
	author = {Butte, Atul},
	title = {Driving Public Health: A Trillion Points of Data},
	year = {2016},
	url = {https://www.youtube.com/watch?v=ET8cxrEfLS4&index=2&list=PLN3475LuKvWH5p4np_bqpPfLtbrMR5n7I},
}


@article{ttd02,
	author = {Chen, X. and Ji, Z. L. and Chen, Y. Z.},
	title = {TTD: Therapeutic Target Database},
	journal = {Nucleic Acids Research},
	volume = {30},
	number = {1},
	pages = {412-415},
	ISSN = {0305-1048},
	DOI = {10.1093/nar/30.1.412},
	url = {http://dx.doi.org/10.1093/nar/30.1.412},
	year = {2002},
	type = {Journal Article}
}

@article{drugbank08,
	title={DrugBank: a knowledgebase for drugs, drug actions and drug targets},
	author={Wishart, David S and Knox, Craig and Guo, An Chi and Cheng, Dean and Shrivastava, Savita and Tzur, Dan and Gautam, Bijaya and Hassanali, Murtaza},
	journal={Nucleic acids research},
	volume={36},
	number={suppl 1},
	pages={D901--D906},
	year={2008},
	publisher={Oxford Univ Press}
}

@article{ttd16,
	author = {Yang, Hong and Qin, Chu and Li, Ying Hong and Tao, Lin and Zhou, Jin and Yu, Chun Yan and Xu, Feng and Chen, Zhe and Zhu, Feng and Chen, Yu Zong},
	title = {Therapeutic target database update 2016: enriched resource for bench to clinical drug target and targeted pathway information},
	journal = {Nucleic Acids Research},
	volume = {44},
	number = {D1},
	pages = {D1069-D1074},
	ISSN = {0305-1048},
	DOI = {10.1093/nar/gkv1230},
	url = {http://dx.doi.org/10.1093/nar/gkv1230},
	year = {2016},
	type = {Journal Article}
}

@online{pubmed,
	author = {U.S. National Library of Medicine},
	title = {PubMed: MEDLINE Retrieval on the World Wide Web},
	year = {2016},
	url = {https://www.nlm.nih.gov/pubs/factsheets/pubmed.html},
}

@article{ttd10,
	author = {Zhu, Feng and Han, BuCong and Kumar, Pankaj and Liu, XiangHui and Ma, XiaoHua and Wei, XiaoNa and Huang, Lu and Guo, YangFan and Han, LianYi and Zheng, ChanJuan and Chen, YuZong},
	title = {Update of TTD: Therapeutic Target Database},
	journal = {Nucleic Acids Research},
	volume = {38},
	number = {Database issue},
	pages = {D787-D791},
	ISSN = {0305-1048
	1362-4962},
	DOI = {10.1093/nar/gkp1014},
	url = {http://www.ncbi.nlm.nih.gov/pmc/articles/PMC2808971/},
	year = {2010},
	type = {Journal Article}
}

@online{oxford,
	author = {Oxford University Press},
	title = {NCBI Protein Database},
	year = {2014},
	url = {http://www.oxfordjournals.org/nar/database/summary/542},
}

@article{RN54,
	author = {Wheeler, David L. and Barrett, Tanya and Benson, Dennis A. and Bryant, Stephen H. and Canese, Kathi and Chetvernin, Vyacheslav and Church, Deanna M. and DiCuccio, Michael and Edgar, Ron and Federhen, Scott and Geer, Lewis Y. and Kapustin, Yuri and Khovayko, Oleg and Landsman, David and Lipman, David J. and Madden, Thomas L. and Maglott, Donna R. and Ostell, James and Miller, Vadim and Pruitt, Kim D. and Schuler, Gregory D. and Sequeira, Edwin and Sherry, Steven T. and Sirotkin, Karl and Souvorov, Alexandre and Starchenko, Grigory and Tatusov, Roman L. and Tatusova, Tatiana A. and Wagner, Lukas and Yaschenko, Eugene},
	title = {Database resources of the National Center for Biotechnology Information},
	journal = {Nucleic Acids Research},
	volume = {35},
	number = {1},
	pages = {D5-D12},
	ISSN = {0305-1048},
	DOI = {10.1093/nar/gkl1031},
	url = {http://dx.doi.org/10.1093/nar/gkl1031},
	year = {2007},
	type = {Journal Article}
}

@online{uniprot,
	author = {Universal Protein Resource},
	title = {What is UniProt's human proteome?},
	year = {2015},
	url = {http://www.uniprot.org/help/human_proteome},
}

@online{eutilities,
	author = {National Center for Biotechnology Information},
	title = {Entrez Programming Utilities Help},
	year = {2013},
	url = {https://www.ncbi.nlm.nih.gov/books/NBK25501/},
}

@online{edirect14,
	author = {National Center for Biotechnology Information},
	title = {NCBI releases Entrez Direct, the Entrez utilities on the UNIX command line},
	year = {2014},
	url = {https://www.ncbi.nlm.nih.gov/news/02-06-2014-entrez-direct-released/},
}

@online{edirect17,
	author = {Kans, Jonathan},
	title = {Entrez Direct: E-utilities on the UNIX Command Line},
	year = {2017},
	url = {https://www.ncbi.nlm.nih.gov/books/NBK179288/},
}

@article{hsdn,
	author = {Zhou, XueZhong and Menche, Jörg and Barabási, Albert-László and Sharma, Amitabh},
	title = {Human symptoms-disease network},
	journal = {Nature Communications},
	volume = {5},
	pages = {4212},
	DOI = {10.1038/ncomms5212
	http://www.nature.com/articles/ncomms5212#supplementary-information},
	url = {http://dx.doi.org/10.1038/ncomms5212},
	year = {2014},
	type = {Journal Article}
}

@online{mesh15,
	author = {U.S. National Library of Medicine},
	title = {Medical Subject Headings (MeSH)},
	year = {2015},
	url = {https://www.nlm.nih.gov/pubs/factsheets/medline.html},
}

@article{mesh01,
	author = {Coletti, Margaret H. and Bleich, Howard L.},
	title = {Medical Subject Headings Used to Search the Biomedical Literature},
	journal = {Journal of the American Medical Informatics Association : JAMIA},
	volume = {8},
	number = {4},
	pages = {317-323},
	ISSN = {1067-5027
	1527-974X},
	url = {http://www.ncbi.nlm.nih.gov/pmc/articles/PMC130076/},
	year = {2001},
	type = {Journal Article}
}

@online{eutils,
	author = {U.S. National Library of Medicine},
	title = {The Insider's Guide to Accessing NLM Data},
	year = {2016},
	url = {https://dataguide.nlm.nih.gov/eutilities/what_is_eutilities.html},
}

@article{tfidf,
	author = {Salton, G. and Wong, A. and Yang, C. S.},
	title = {A Vector Space Model for Automatic Indexing},
	journal = {Commun. ACM},
	issue_date = {Nov. 1975},
	volume = {18},
	number = {11},
	month = nov,
	year = {1975},
	issn = {0001-0782},
	pages = {613--620},
	numpages = {8},
	url = {http://doi.acm.org/10.1145/361219.361220},
	doi = {10.1145/361219.361220},
	acmid = {361220},
	publisher = {ACM},
	address = {New York, NY, USA},
	keywords = {automatic indexing, automatic information retrieval, content analysis, document space},
} 

@online{shell,
	author = {Shotts, W. E.},
	title = {What is "the shell"?},
	year = {2017},
	url = {http://linuxcommand.org/lts0010.php},
}

@article{raredis,
	author = {Swinney, David C and Xia, Shuangluo},
	title = {The discovery of medicines for rare diseases},
	journal = {Future medicinal chemistry},
	volume = {6},
	number = {9},
	pages = {987-1002},
	ISSN = {1756-8919},
	year = {2014},
	type = {Journal Article}
}

@article{drugbank06,
	title={DrugBank: a comprehensive resource for in silico drug discovery and exploration},
	author={Wishart, David S and Knox, Craig and Guo, An Chi and Shrivastava, Savita and Hassanali, Murtaza and Stothard, Paul and Chang, Zhan and Woolsey, Jennifer},
	journal={Nucleic acids research},
	volume={34},
	number={suppl 1},
	pages={D668--D672},
	year={2006},
	publisher={Oxford Univ Press}
}

@article{drugbank14,
	title={DrugBank 4.0: shedding new light on drug metabolism},
	author={Law, Vivian and Knox, Craig and Djoumbou, Yannick and Jewison, Tim and Guo, An Chi and Liu, Yifeng and Maciejewski, Adam and Arndt, David and Wilson, Michael and Neveu, Vanessa and others},
	journal={Nucleic acids research},
	volume={42},
	number={D1},
	pages={D1091--D1097},
	year={2014},
	publisher={Oxford Univ Press}
}


@article{ttd12,
	title={Therapeutic target database update 2012: a resource for facilitating target-oriented drug discovery},
	author={Zhu, Feng and Shi, Zhe and Qin, Chu and Tao, Lin and Liu, Xin and Xu, Feng and Zhang, Li and Song, Yang and Liu, Xianghui and Zhang, Jingxian and others},
	journal={Nucleic acids research},
	pages={gkr797},
	year={2011},
	publisher={Oxford Univ Press}
}

@article{ttd14,
	title={Therapeutic target database update 2014: a resource for targeted therapeutics},
	author={Qin, Chu and Zhang, Cheng and Zhu, Feng and Xu, Feng and Chen, Shang Ying and Zhang, Peng and Li, Ying Hong and Yang, Sheng Yong and Wei, Yu Quan and Tao, Lin and others},
	journal={Nucleic acids research},
	volume={42},
	number={D1},
	pages={D1118--D1123},
	year={2014},
	publisher={Oxford Univ Press}
}


@online{pubmedstats,
	author = {U.S. National Library of Medicine},
	title = {Statistical Reports on MEDLINE®/PubMed® Baseline Data},
	year = {2017},
	url = {https://www.nlm.nih.gov/bsd/licensee/baselinestats.html},
}


